<!DOCTYPE html>
<meta charset="utf-8" />
<!-- version 1 -->
<title>[Gen 7] OU replay: Darth20 vs. gator from south</title>
<style>
html,body {font-family:Verdana, sans-serif;font-size:10pt;margin:0;padding:0;}body{padding:12px 0;} .battle-log {font-family:Verdana, sans-serif;font-size:10pt;} .battle-log-inline {border:1px solid #AAAAAA;background:#EEF2F5;color:black;max-width:640px;margin:0 auto 80px;padding-bottom:5px;} .battle-log .inner {padding:4px 8px 0px 8px;} .battle-log .inner-preempt {padding:0 8px 4px 8px;} .battle-log .inner-after {margin-top:0.5em;} .battle-log h2 {margin:0.5em -8px;padding:4px 8px;border:1px solid #AAAAAA;background:#E0E7EA;border-left:0;border-right:0;font-family:Verdana, sans-serif;font-size:13pt;} .battle-log .chat {vertical-align:middle;padding:3px 0 3px 0;font-size:8pt;} .battle-log .chat strong {color:#40576A;} .battle-log .chat em {padding:1px 4px 1px 3px;color:#000000;font-style:normal;} .chat.mine {background:rgba(0,0,0,0.05);margin-left:-8px;margin-right:-8px;padding-left:8px;padding-right:8px;} .spoiler {color:#BBBBBB;background:#BBBBBB;padding:0px 3px;} .spoiler:hover, .spoiler:active, .spoiler-shown {color:#000000;background:#E2E2E2;padding:0px 3px;} .spoiler a {color:#BBBBBB;} .spoiler:hover a, .spoiler:active a, .spoiler-shown a {color:#2288CC;} .chat code, .chat .spoiler:hover code, .chat .spoiler:active code, .chat .spoiler-shown code {border:1px solid #C0C0C0;background:#EEEEEE;color:black;padding:0 2px;} .chat .spoiler code {border:1px solid #CCCCCC;background:#CCCCCC;color:#CCCCCC;} .battle-log .rated {padding:3px 4px;} .battle-log .rated strong {color:white;background:#89A;padding:1px 4px;border-radius:4px;} .spacer {margin-top:0.5em;} .message-announce {background:#6688AA;color:white;padding:1px 4px 2px;} .message-announce a, .broadcast-green a, .broadcast-blue a, .broadcast-red a {color:#DDEEFF;} .broadcast-green {background-color:#559955;color:white;padding:2px 4px;} .broadcast-blue {background-color:#6688AA;color:white;padding:2px 4px;} .infobox {border:1px solid #6688AA;padding:2px 4px;} .infobox-limited {max-height:200px;overflow:auto;overflow-x:hidden;} .broadcast-red {background-color:#AA5544;color:white;padding:2px 4px;} .message-learn-canlearn {font-weight:bold;color:#228822;text-decoration:underline;} .message-learn-cannotlearn {font-weight:bold;color:#CC2222;text-decoration:underline;} .message-effect-weak {font-weight:bold;color:#CC2222;} .message-effect-resist {font-weight:bold;color:#6688AA;} .message-effect-immune {font-weight:bold;color:#666666;} .message-learn-list {margin-top:0;margin-bottom:0;} .message-throttle-notice, .message-error {color:#992222;} .message-overflow, .chat small.message-overflow {font-size:0pt;} .message-overflow::before {font-size:9pt;content:'...';} .subtle {color:#3A4A66;}
</style>
<div class="wrapper replay-wrapper" style="max-width:1180px;margin:0 auto">
<input type="hidden" name="replayid" value="gen7ou-638583970" />
<div class="battle"></div><div class="battle-log"></div><div class="replay-controls"></div><div class="replay-controls-2"></div>
<h1 style="font-weight:normal;text-align:center"><strong>[Gen 7] OU</strong><br /><a href="http://pokemonshowdown.com/users/darth20" class="subtle" target="_blank">Darth20</a> vs. <a href="http://pokemonshowdown.com/users/gatorfromsouth" class="subtle" target="_blank">gator from south</a></h1>
<script type="text/plain" class="battle-log-data">|j|Darth20
|j|gator from south

|player|p1|Darth20|169
|teamsize|p1|6


|player|p2|gator from south|272
|teamsize|p2|6
|gametype|singles
|gen|7
|tier|[Gen 7] OU
|seed|
|rule|Sleep Clause Mod: Limit one foe put to sleep
|rule|Species Clause: Limit one of each Pokémon
|rule|OHKO Clause: OHKO moves are banned
|rule|Moody Clause: Moody is banned
|rule|Evasion Moves Clause: Evasion moves are banned
|rule|Endless Battle Clause: Forcing endless battles is banned
|rule|HP Percentage Mod: HP is shown in percentages
|clearpoke
|poke|p1|Magnezone|item
|poke|p1|Mimikyu, F|item
|poke|p1|Rhyperior, M|item
|poke|p1|Mantine, M|item
|poke|p1|Serperior, M|item
|poke|p1|Delphox, F|item
|poke|p2|Landorus-Therian, M|item
|poke|p2|Garchomp, F|item
|poke|p2|Tangrowth, F|item
|poke|p2|Zapdos|item
|poke|p2|Chansey, F|item
|poke|p2|Tapu Lele|item
|teampreview


|choice||team 2, team 1, team 3, team 4, team 5, team 6
|
|start
|switch|p1a: Mantine|Mantine, M|100\/100
|switch|p2a: Garchomp|Garchomp, F|358\/358
|turn|1


|choice||move stealthrock
|
|move|p2a: Garchomp|Stealth Rock|p1a: Mantine
|-sidestart|p1: Darth20|move: Stealth Rock
|move|p1a: Mantine|Whirlpool|p2a: Garchomp
|-damage|p2a: Garchomp|315\/358
|-activate|p2a: Garchomp|move: Whirlpool|[of] p1a: Mantine
|
|-damage|p2a: Garchomp|271\/358|[from] move: Whirlpool|[partiallytrapped]
|upkeep
|turn|2


|choice||move swordsdance
|
|move|p2a: Garchomp|Swords Dance|p2a: Garchomp
|-boost|p2a: Garchomp|atk|2
|move|p1a: Mantine|Toxic|p2a: Garchomp
|-status|p2a: Garchomp|tox
|
|-damage|p2a: Garchomp|249\/358 tox|[from] psn
|-damage|p2a: Garchomp|205\/358 tox|[from] move: Whirlpool|[partiallytrapped]
|upkeep
|turn|3


|choice||move outrage
|
|move|p1a: Mantine|Protect|p1a: Mantine
|-singleturn|p1a: Mantine|Protect
|move|p2a: Garchomp|Outrage|p1a: Mantine
|-activate|p1a: Mantine|move: Protect
|
|-damage|p2a: Garchomp|161\/358 tox|[from] psn
|-damage|p2a: Garchomp|117\/358 tox|[from] move: Whirlpool|[partiallytrapped]
|upkeep
|turn|4


|choice||move outrage
|
|switch|p1a: Mimikyu|Mimikyu, F|100\/100
|-damage|p1a: Mimikyu|88\/100|[from] Stealth Rock
|move|p2a: Garchomp|Outrage|p1a: Mimikyu
|-immune|p1a: Mimikyu|[msg]
|
|-heal|p1a: Mimikyu|94\/100|[from] item: Leftovers
|-damage|p2a: Garchomp|51\/358 tox|[from] psn
|upkeep
|turn|5


|choice||switch 3
|
|switch|p2a: Tangrowth|Tangrowth, F|404\/404
|move|p1a: Mimikyu|Swords Dance|p1a: Mimikyu
|-boost|p1a: Mimikyu|atk|2
|
|-heal|p1a: Mimikyu|99\/100|[from] item: Leftovers
|upkeep
|turn|6


|choice||move knockoff
|
|move|p1a: Mimikyu|Substitute|p1a: Mimikyu
|-start|p1a: Mimikyu|Substitute
|-damage|p1a: Mimikyu|75\/100
|move|p2a: Tangrowth|Knock Off|p1a: Mimikyu
|-end|p1a: Mimikyu|Substitute
|
|-heal|p1a: Mimikyu|81\/100|[from] item: Leftovers
|upkeep
|turn|7


|choice||move knockoff
|
|move|p1a: Mimikyu|Play Rough|p2a: Tangrowth
|-damage|p2a: Tangrowth|226\/404
|move|p2a: Tangrowth|Knock Off|p1a: Mimikyu
|-activate|p1a: Mimikyu|ability: Disguise
|-damage|p1a: Mimikyu|81\/100
|-enditem|p1a: Mimikyu|Leftovers|[from] move: Knock Off|[of] p2a: Tangrowth
|detailschange|p1a: Mimikyu|Mimikyu-Busted, F
|
|upkeep
|turn|8


|choice||move gigadrain
|
|move|p1a: Mimikyu|Play Rough|p2a: Tangrowth
|-damage|p2a: Tangrowth|57\/404
|move|p2a: Tangrowth|Giga Drain|p1a: Mimikyu
|-damage|p1a: Mimikyu|46\/100
|-heal|p2a: Tangrowth|102\/404|[from] drain|[of] p1a: Mimikyu
|
|upkeep
|turn|9


|choice||move gigadrain
|
|move|p1a: Mimikyu|Swords Dance|p1a: Mimikyu
|-boost|p1a: Mimikyu|atk|2
|move|p2a: Tangrowth|Giga Drain|p1a: Mimikyu
|-damage|p1a: Mimikyu|6\/100
|-heal|p2a: Tangrowth|152\/404|[from] drain|[of] p1a: Mimikyu
|
|upkeep
|turn|10


|choice||switch 3
|
|switch|p2a: Garchomp|Garchomp, F|51\/358 tox
|move|p1a: Mimikyu|Play Rough|p2a: Garchomp
|-supereffective|p2a: Garchomp
|-damage|p2a: Garchomp|0 fnt
|-damage|p1a: Mimikyu|0 fnt|[from] ability: Rough Skin|[of] p2a: Garchomp
|faint|p2a: Garchomp
|faint|p1a: Mimikyu
|
|upkeep


|choice||switch 2
|
|switch|p2a: Landorus|Landorus-Therian, M, shiny|319\/319
|switch|p1a: Rhyperior|Rhyperior, M|100\/100
|-ability|p2a: Landorus|Intimidate|boost
|-unboost|p1a: Rhyperior|atk|1
|-damage|p1a: Rhyperior|94\/100|[from] Stealth Rock
|turn|11


|choice||move earthquake
|
|move|p2a: Landorus|Earthquake|p1a: Rhyperior
|-supereffective|p1a: Rhyperior
|-damage|p1a: Rhyperior|29\/100
|move|p1a: Rhyperior|Rock Polish|p1a: Rhyperior
|-boost|p1a: Rhyperior|spe|2
|
|-heal|p1a: Rhyperior|35\/100|[from] item: Leftovers
|upkeep
|turn|12


|choice||move earthquake
|
|move|p1a: Rhyperior|Ice Punch|p2a: Landorus
|-supereffective|p2a: Landorus
|-damage|p2a: Landorus|111\/319
|move|p2a: Landorus|Earthquake|p1a: Rhyperior
|-supereffective|p1a: Rhyperior
|-damage|p1a: Rhyperior|0 fnt
|faint|p1a: Rhyperior
|
|-heal|p2a: Landorus|130\/319|[from] item: Leftovers
|upkeep


|choice||
|
|switch|p1a: Serperior|Serperior, M|100\/100
|-damage|p1a: Serperior|88\/100|[from] Stealth Rock
|turn|13


|choice||move uturn
|
|move|p1a: Serperior|Leaf Storm|p2a: Landorus
|-damage|p2a: Landorus|0 fnt
|-boost|p1a: Serperior|spa|2
|faint|p2a: Landorus
|
|-heal|p1a: Serperior|94\/100|[from] item: Leftovers
|upkeep


|choice||switch 5
|
|switch|p2a: Chansey|Chansey, F, shiny|703\/703
|turn|14


|choice||move toxic
|
|move|p1a: Serperior|Leech Seed|p2a: Chansey
|-start|p2a: Chansey|move: Leech Seed
|move|p2a: Chansey|Toxic|p1a: Serperior
|-status|p1a: Serperior|tox
|
|-heal|p1a: Serperior|100\/100 tox|[from] item: Leftovers
|-damage|p2a: Chansey|616\/703|[from] Leech Seed|[of] p1a: Serperior
|-damage|p1a: Serperior|94\/100 tox|[from] psn
|upkeep
|turn|15


|choice||move seismictoss
|
|move|p1a: Serperior|Leaf Storm|p2a: Chansey|[miss]
|-miss|p1a: Serperior|p2a: Chansey
|move|p2a: Chansey|Seismic Toss|p1a: Serperior
|-damage|p1a: Serperior|60\/100 tox
|
|-heal|p1a: Serperior|66\/100 tox|[from] item: Leftovers
|-damage|p2a: Chansey|529\/703|[from] Leech Seed|[of] p1a: Serperior
|-heal|p1a: Serperior|96\/100 tox|[silent]
|-damage|p1a: Serperior|84\/100 tox|[from] psn
|upkeep
|turn|16


|choice||move softboiled
|
|move|p1a: Serperior|Leaf Storm|p2a: Chansey
|-crit|p2a: Chansey
|-damage|p2a: Chansey|244\/703
|-boost|p1a: Serperior|spa|2
|move|p2a: Chansey|Soft-Boiled|p2a: Chansey
|-heal|p2a: Chansey|596\/703
|
|-heal|p1a: Serperior|90\/100 tox|[from] item: Leftovers
|-damage|p2a: Chansey|509\/703|[from] Leech Seed|[of] p1a: Serperior
|-heal|p1a: Serperior|100\/100 tox|[silent]
|-damage|p1a: Serperior|82\/100 tox|[from] psn
|upkeep
|turn|17


|choice||switch 4
|
|switch|p2a: Zapdos|Zapdos|383\/383
|-ability|p2a: Zapdos|Pressure
|move|p1a: Serperior|Leaf Storm|p2a: Zapdos
|-resisted|p2a: Zapdos
|-damage|p2a: Zapdos|140\/383
|-boost|p1a: Serperior|spa|2
|
|-heal|p1a: Serperior|88\/100 tox|[from] item: Leftovers
|-heal|p2a: Zapdos|163\/383|[from] item: Leftovers
|-damage|p1a: Serperior|63\/100 tox|[from] psn
|upkeep
|turn|18


|choice||move heatwave
|
|move|p1a: Serperior|Giga Drain|p2a: Zapdos
|-resisted|p2a: Zapdos
|-damage|p2a: Zapdos|0 fnt
|-heal|p1a: Serperior|92\/100 tox|[from] drain|[of] p2a: Zapdos
|faint|p2a: Zapdos
|
|-heal|p1a: Serperior|98\/100 tox|[from] item: Leftovers
|-damage|p1a: Serperior|67\/100 tox|[from] psn
|upkeep


|choice||switch 3
|
|switch|p2a: Tangrowth|Tangrowth, F|286\/404
|turn|19


|choice||move hiddenpower
|
|move|p1a: Serperior|Dragon Pulse|p2a: Tangrowth
|-damage|p2a: Tangrowth|53\/404
|move|p2a: Tangrowth|Hidden Power|p1a: Serperior
|-supereffective|p1a: Serperior
|-damage|p1a: Serperior|30\/100 tox
|
|-heal|p1a: Serperior|36\/100 tox|[from] item: Leftovers
|-damage|p1a: Serperior|0 fnt|[from] psn
|upkeep
|faint|p1a: Serperior


|choice||
|
|switch|p1a: Delphox|Delphox, F|100\/100
|-damage|p1a: Delphox|76\/100|[from] Stealth Rock
|turn|20


|choice||switch 4
|
|switch|p2a: Chansey|Chansey, F, shiny|509\/703
|move|p1a: Delphox|Psychic|p2a: Chansey
|-damage|p2a: Chansey|391\/703
|-damage|p1a: Delphox|66\/100|[from] item: Life Orb
|
|upkeep
|turn|21


|choice||move softboiled
|
|switch|p1a: Mantine|Mantine, M|100\/100
|-damage|p1a: Mantine|76\/100|[from] Stealth Rock
|move|p2a: Chansey|Soft-Boiled|p2a: Chansey
|-heal|p2a: Chansey|703\/703
|
|-heal|p1a: Mantine|82\/100|[from] item: Leftovers
|upkeep
|turn|22


|choice||move toxic
|
|move|p1a: Mantine|Toxic|p2a: Chansey
|-status|p2a: Chansey|tox
|move|p2a: Chansey|Toxic|p1a: Mantine
|-status|p1a: Mantine|tox
|
|-heal|p1a: Mantine|88\/100 tox|[from] item: Leftovers
|-damage|p1a: Mantine|82\/100 tox|[from] psn
|-damage|p2a: Chansey|660\/703 tox|[from] psn
|upkeep
|turn|23


|choice||switch 4
|
|-curestatus|p2a: Chansey|tox|[from] ability: Natural Cure
|switch|p2a: Tangrowth|Tangrowth, F|187\/404
|move|p1a: Mantine|Whirlpool|p2a: Tangrowth
|-resisted|p2a: Tangrowth
|-damage|p2a: Tangrowth|172\/404
|-activate|p2a: Tangrowth|move: Whirlpool|[of] p1a: Mantine
|
|-heal|p1a: Mantine|88\/100 tox|[from] item: Leftovers
|-damage|p1a: Mantine|76\/100 tox|[from] psn
|-damage|p2a: Tangrowth|122\/404|[from] move: Whirlpool|[partiallytrapped]
|upkeep
|turn|24


|choice||move knockoff
|
|move|p1a: Mantine|Blizzard|p2a: Tangrowth|[miss]
|-miss|p1a: Mantine|p2a: Tangrowth
|move|p2a: Tangrowth|Knock Off|p1a: Mantine
|-damage|p1a: Mantine|51\/100 tox
|-enditem|p1a: Mantine|Leftovers|[from] move: Knock Off|[of] p2a: Tangrowth
|
|-damage|p1a: Mantine|32\/100 tox|[from] psn
|-damage|p2a: Tangrowth|72\/404|[from] move: Whirlpool|[partiallytrapped]
|upkeep
|turn|25


|choice||move gigadrain
|
|move|p1a: Mantine|Whirlpool|p2a: Tangrowth|[miss]
|-miss|p1a: Mantine|p2a: Tangrowth
|move|p2a: Tangrowth|Giga Drain|p1a: Mantine
|-damage|p1a: Mantine|18\/100 tox
|-heal|p2a: Tangrowth|100\/404|[from] drain|[of] p1a: Mantine
|
|-damage|p1a: Mantine|0 fnt|[from] psn
|upkeep
|faint|p1a: Mantine


|choice||
|
|switch|p1a: Magnezone|Magnezone|100\/100
|-damage|p1a: Magnezone|94\/100|[from] Stealth Rock
|turn|26


|choice||move earthquake
|
|move|p1a: Magnezone|Flash Cannon|p2a: Tangrowth
|-damage|p2a: Tangrowth|0 fnt
|faint|p2a: Tangrowth
|
|-heal|p1a: Magnezone|100\/100|[from] item: Leftovers
|upkeep


|choice||switch 6
|
|switch|p2a: Tapu Lele|Tapu Lele|281\/281
|-fieldstart|move: Psychic Terrain|[from] ability: Psychic Surge|[of] p2a: Tapu Lele
|turn|27


|choice||move calmmind
|
|move|p2a: Tapu Lele|Calm Mind|p2a: Tapu Lele
|-boost|p2a: Tapu Lele|spa|1
|-boost|p2a: Tapu Lele|spd|1
|move|p1a: Magnezone|Flash Cannon|p2a: Tapu Lele
|-supereffective|p2a: Tapu Lele
|-damage|p2a: Tapu Lele|105\/281
|-unboost|p2a: Tapu Lele|spd|1
|
|upkeep
|turn|28


|choice||move psychic zmove
|
|-zpower|p2a: Tapu Lele
|move|p2a: Tapu Lele|Shattered Psyche|p1a: Magnezone|[zeffect]
|-resisted|p1a: Magnezone
|-damage|p1a: Magnezone|0 fnt
|faint|p1a: Magnezone
|
|upkeep


|choice||
|
|switch|p1a: Delphox|Delphox, F|66\/100
|-damage|p1a: Delphox|41\/100|[from] Stealth Rock
|turn|29


|choice||move moonblast
|
|move|p1a: Delphox|Psychic|p2a: Tapu Lele
|-resisted|p2a: Tapu Lele
|-damage|p2a: Tapu Lele|0 fnt
|-damage|p1a: Delphox|31\/100|[from] item: Life Orb
|faint|p2a: Tapu Lele
|
|upkeep


|choice||switch 4
|
|switch|p2a: Chansey|Chansey, F, shiny|660\/703
|turn|30


|choice||move seismictoss
|
|move|p1a: Delphox|Psychic|p2a: Chansey
|-damage|p2a: Chansey|472\/703
|-damage|p1a: Delphox|21\/100|[from] item: Life Orb
|move|p2a: Chansey|Seismic Toss|p1a: Delphox
|-damage|p1a: Delphox|0 fnt
|faint|p1a: Delphox
|
|win|gator from south


|l|Darth20
</script>
</div>
<div class="battle-log battle-log-inline"><div class="inner"><div class="chat"><small>Darth20 joined.</small></div><div class="chat"><small>gator from south joined.</small></div><div style="padding:5px 0"><small>Format:</small> <br><strong>[Gen 7] OU</strong></div><div><small><em>Sleep Clause Mod:</em> Limit one foe put to sleep</small></div><div><small><em>Species Clause:</em> Limit one of each Pokémon</small></div><div><small><em>OHKO Clause:</em> OHKO moves are banned</small></div><div><small><em>Moody Clause:</em> Moody is banned</small></div><div><small><em>Evasion Moves Clause:</em> Evasion moves are banned</small></div><div><small><em>Endless Battle Clause:</em> Forcing endless battles is banned</small></div><div><small><em>HP Percentage Mod:</em> HP is shown in percentages</small></div><div class="chat"><strong>gator from south's team:</strong> <em style="color:#445566;display:block;">Landorus-Therian / Garchomp / Tangrowth / Zapdos / Chansey / Tapu Lele</em></div><div class="chat"><strong>Darth20's team:</strong> <em style="color:#445566;display:block;">Magnezone / Mimikyu / Rhyperior / Mantine / Serperior / Delphox</em></div><div>Battle between Darth20 and gator from south started!</div><div class="spacer battle-history"></div><div class="battle-history">Darth20 sent out Mantine!</div><div class="spacer battle-history"></div><div class="battle-history">Go! Garchomp!</div><h2 class="battle-history">Turn 1</h2><div class="spacer battle-history"></div><div class="battle-history"><span class="battle-nickname" title="Garchomp">Garchomp</span> used <strong>Stealth Rock</strong>!</div><div class="battle-history"><small>Pointed stones float in the air around the opposing team!</small></div><div class="spacer battle-history"></div><div class="battle-history">The opposing <span class="battle-nickname-foe" title="Mantine">Mantine</span> used <strong>Whirlpool</strong>!</div><div class="battle-history"><small><span class="battle-nickname" title="Garchomp">Garchomp</span> lost <abbr title="−43/358">12.0%</abbr> of its health!</small><br></div><div class="battle-history"><small><span class="battle-nickname" title="Garchomp">Garchomp</span> became trapped in the vortex!</small></div><div class="spacer battle-history"></div><div class="battle-history"><small><span class="battle-nickname" title="Garchomp">Garchomp</span> is hurt by Whirlpool!</small></div><h2 class="battle-history">Turn 2</h2><div class="spacer battle-history"></div><div class="battle-history"><span class="battle-nickname" title="Garchomp">Garchomp</span> used <strong>Swords Dance</strong>!</div><div class="battle-history"><small><span class="battle-nickname" title="Garchomp">Garchomp</span>'s Attack rose sharply! </small></div><div class="spacer battle-history"></div><div class="battle-history">The opposing <span class="battle-nickname-foe" title="Mantine">Mantine</span> used <strong>Toxic</strong>!</div><div class="battle-history"><small><span class="battle-nickname" title="Garchomp">Garchomp</span> was badly poisoned!</small></div><div class="spacer battle-history"></div><div class="battle-history"><small><span class="battle-nickname" title="Garchomp">Garchomp</span> was hurt by poison!</small></div><div class="battle-history"><small><span class="battle-nickname" title="Garchomp">Garchomp</span> is hurt by Whirlpool!</small></div><h2 class="battle-history">Turn 3</h2><div class="spacer battle-history"></div><div class="battle-history">The opposing <span class="battle-nickname-foe" title="Mantine">Mantine</span> used <strong>Protect</strong>!</div><div class="battle-history"><small>The opposing <span class="battle-nickname-foe" title="Mantine">Mantine</span> protected itself!</small></div><div class="spacer battle-history"></div><div class="battle-history"><span class="battle-nickname" title="Garchomp">Garchomp</span> used <strong>Outrage</strong>!</div><div class="battle-history"><small>The opposing <span class="battle-nickname-foe" title="Mantine">Mantine</span> protected itself!</small></div><div class="spacer battle-history"></div><div class="battle-history"><small><span class="battle-nickname" title="Garchomp">Garchomp</span> was hurt by poison!</small></div><div class="battle-history"><small><span class="battle-nickname" title="Garchomp">Garchomp</span> is hurt by Whirlpool!</small></div><h2 class="battle-history">Turn 4</h2><div class="spacer battle-history"></div><div class="battle-history">Darth20 withdrew Mantine!</div><div class="spacer battle-history"></div><div class="battle-history">Darth20 sent out Mimikyu!</div><div class="battle-history"><small>Pointed stones dug into the opposing <span class="battle-nickname-foe" title="Mimikyu">Mimikyu</span>!</small></div><div class="spacer battle-history"></div><div class="battle-history"><span class="battle-nickname" title="Garchomp">Garchomp</span> used <strong>Outrage</strong>!</div><div class="battle-history"><small>It doesn't affect the opposing <span class="battle-nickname-foe" title="Mimikyu">Mimikyu</span>... </small></div><div class="spacer battle-history"></div><div class="battle-history"><small>The opposing <span class="battle-nickname-foe" title="Mimikyu">Mimikyu</span> restored a little HP using its Leftovers!</small></div><div class="battle-history"><small><span class="battle-nickname" title="Garchomp">Garchomp</span> was hurt by poison!</small></div><h2 class="battle-history">Turn 5</h2><div class="spacer battle-history"></div><div class="battle-history"><span class="battle-nickname" title="Garchomp">Garchomp</span>, come back!</div><div class="spacer battle-history"></div><div class="battle-history">Go! Tangrowth!</div><div class="spacer battle-history"></div><div class="battle-history">The opposing <span class="battle-nickname-foe" title="Mimikyu">Mimikyu</span> used <strong>Swords Dance</strong>!</div><div class="battle-history"><small>The opposing <span class="battle-nickname-foe" title="Mimikyu">Mimikyu</span>'s Attack rose sharply! </small></div><div class="spacer battle-history"></div><div class="battle-history"><small>The opposing <span class="battle-nickname-foe" title="Mimikyu">Mimikyu</span> restored a little HP using its Leftovers!</small></div><h2 class="battle-history">Turn 6</h2><div class="spacer battle-history"></div><div class="battle-history">The opposing <span class="battle-nickname-foe" title="Mimikyu">Mimikyu</span> used <strong>Substitute</strong>!</div><div class="battle-history"><small>The opposing <span class="battle-nickname-foe" title="Mimikyu">Mimikyu</span> put in a substitute!</small></div><div class="battle-history"><small>The opposing <span class="battle-nickname-foe" title="Mimikyu">Mimikyu</span> lost 24% of its health!</small><br></div><div class="spacer battle-history"></div><div class="battle-history"><span class="battle-nickname" title="Tangrowth">Tangrowth</span> used <strong>Knock Off</strong>!</div><div class="battle-history"><small>The opposing <span class="battle-nickname-foe" title="Mimikyu">Mimikyu</span>'s substitute faded!</small></div><div class="spacer battle-history"></div><div class="battle-history"><small>The opposing <span class="battle-nickname-foe" title="Mimikyu">Mimikyu</span> restored a little HP using its Leftovers!</small></div><h2 class="battle-history">Turn 7</h2><div class="spacer battle-history"></div><div class="battle-history">The opposing <span class="battle-nickname-foe" title="Mimikyu">Mimikyu</span> used <strong>Play Rough</strong>!</div><div class="battle-history"><small><span class="battle-nickname" title="Tangrowth">Tangrowth</span> lost <abbr title="−178/404">44.1%</abbr> of its health!</small><br></div><div class="spacer battle-history"></div><div class="battle-history"><span class="battle-nickname" title="Tangrowth">Tangrowth</span> used <strong>Knock Off</strong>!</div><div class="battle-history"><small>[Opposing <span class="battle-nickname-foe" title="Mimikyu">Mimikyu</span>'s Disguise!]</small></div><div class="battle-history"><small>Its disguise served it as a decoy!</small></div><div class="battle-history"><small>The opposing <span class="battle-nickname-foe" title="Mimikyu">Mimikyu</span> lost 0% of its health!</small><br></div><div class="battle-history"><small><span class="battle-nickname" title="Tangrowth">Tangrowth</span> knocked off the opposing <span class="battle-nickname-foe" title="Mimikyu">Mimikyu</span>'s Leftovers!</small></div><div class="spacer battle-history"></div><div class="battle-history"><small>The opposing <span class="battle-nickname-foe" title="Mimikyu-Busted">Mimikyu</span>'s disguise was busted!</small></div><h2 class="battle-history">Turn 8</h2><div class="spacer battle-history"></div><div class="battle-history">The opposing <span class="battle-nickname-foe" title="Mimikyu-Busted">Mimikyu</span> used <strong>Play Rough</strong>!</div><div class="battle-history"><small><span class="battle-nickname" title="Tangrowth">Tangrowth</span> lost <abbr title="−169/404">41.8%</abbr> of its health!</small><br></div><div class="spacer battle-history"></div><div class="battle-history"><span class="battle-nickname" title="Tangrowth">Tangrowth</span> used <strong>Giga Drain</strong>!</div><div class="battle-history"><small>The opposing <span class="battle-nickname-foe" title="Mimikyu-Busted">Mimikyu</span> lost 35% of its health!</small><br></div><div class="battle-history"><small>The opposing <span class="battle-nickname-foe" title="Mimikyu-Busted">Mimikyu</span> had its energy drained!</small></div><h2 class="battle-history">Turn 9</h2><div class="spacer battle-history"></div><div class="battle-history">The opposing <span class="battle-nickname-foe" title="Mimikyu-Busted">Mimikyu</span> used <strong>Swords Dance</strong>!</div><div class="battle-history"><small>The opposing <span class="battle-nickname-foe" title="Mimikyu-Busted">Mimikyu</span>'s Attack rose sharply! </small></div><div class="spacer battle-history"></div><div class="battle-history"><span class="battle-nickname" title="Tangrowth">Tangrowth</span> used <strong>Giga Drain</strong>!</div><div class="battle-history"><small>The opposing <span class="battle-nickname-foe" title="Mimikyu-Busted">Mimikyu</span> lost 40% of its health!</small><br></div><div class="battle-history"><small>The opposing <span class="battle-nickname-foe" title="Mimikyu-Busted">Mimikyu</span> had its energy drained!</small></div><h2 class="battle-history">Turn 10</h2><div class="spacer battle-history"></div><div class="battle-history"><span class="battle-nickname" title="Tangrowth">Tangrowth</span>, come back!</div><div class="spacer battle-history"></div><div class="battle-history">Go! Garchomp!</div><div class="spacer battle-history"></div><div class="battle-history">The opposing <span class="battle-nickname-foe" title="Mimikyu-Busted">Mimikyu</span> used <strong>Play Rough</strong>!</div><div class="battle-history"><small>It's super effective! </small><small><span class="battle-nickname" title="Garchomp">Garchomp</span> lost <abbr title="−50/358">14.0%</abbr> of its health!</small><br></div><div class="battle-history"><small>[<span class="battle-nickname" title="Garchomp">Garchomp</span>'s Rough Skin!]</small></div><div class="battle-history"><small>The opposing <span class="battle-nickname-foe" title="Mimikyu-Busted">Mimikyu</span> was hurt!</small></div><div class="spacer battle-history"></div><div class="battle-history"><span class="battle-nickname" title="Garchomp">Garchomp</span> fainted!</div><div class="spacer battle-history"></div><div class="battle-history">The opposing <span class="battle-nickname-foe" title="Mimikyu-Busted">Mimikyu</span> fainted!</div><div class="spacer battle-history"></div><div class="battle-history">Go! <span class="battle-nickname" title="Landorus-Therian">Landorus <small>(Landorus-Therian)</small></span>!</div><div class="spacer battle-history"></div><div class="battle-history">Darth20 sent out Rhyperior!</div><div class="battle-history"><small>[<span class="battle-nickname" title="Landorus-Therian">Landorus</span>'s Intimidate!]</small></div><div class="battle-history"><small>The opposing <span class="battle-nickname-foe" title="Rhyperior">Rhyperior</span>'s Attack fell! </small></div><div class="battle-history"><small>Pointed stones dug into the opposing <span class="battle-nickname-foe" title="Rhyperior">Rhyperior</span>!</small></div><h2 class="battle-history">Turn 11</h2><div class="spacer battle-history"></div><div class="battle-history"><span class="battle-nickname" title="Landorus-Therian">Landorus</span> used <strong>Earthquake</strong>!</div><div class="battle-history"><small>It's super effective! </small><small>The opposing <span class="battle-nickname-foe" title="Rhyperior">Rhyperior</span> lost 65% of its health!</small><br></div><div class="spacer battle-history"></div><div class="battle-history">The opposing <span class="battle-nickname-foe" title="Rhyperior">Rhyperior</span> used <strong>Rock Polish</strong>!</div><div class="battle-history"><small>The opposing <span class="battle-nickname-foe" title="Rhyperior">Rhyperior</span>'s Speed rose sharply! </small></div><div class="spacer battle-history"></div><div class="battle-history"><small>The opposing <span class="battle-nickname-foe" title="Rhyperior">Rhyperior</span> restored a little HP using its Leftovers!</small></div><h2 class="battle-history">Turn 12</h2><div class="spacer battle-history"></div><div class="battle-history">The opposing <span class="battle-nickname-foe" title="Rhyperior">Rhyperior</span> used <strong>Ice Punch</strong>!</div><div class="battle-history"><small>It's super effective! </small><small><span class="battle-nickname" title="Landorus-Therian">Landorus</span> lost <abbr title="−208/319">65.2%</abbr> of its health!</small><br></div><div class="spacer battle-history"></div><div class="battle-history"><span class="battle-nickname" title="Landorus-Therian">Landorus</span> used <strong>Earthquake</strong>!</div><div class="battle-history"><small>It's super effective! </small><small>The opposing <span class="battle-nickname-foe" title="Rhyperior">Rhyperior</span> lost 35% of its health!</small><br></div><div class="spacer battle-history"></div><div class="battle-history">The opposing <span class="battle-nickname-foe" title="Rhyperior">Rhyperior</span> fainted!</div><div class="spacer battle-history"></div><div class="battle-history"><small><span class="battle-nickname" title="Landorus-Therian">Landorus</span> restored a little HP using its Leftovers!</small></div><div class="spacer battle-history"></div><div class="battle-history">Darth20 sent out Serperior!</div><div class="battle-history"><small>Pointed stones dug into the opposing <span class="battle-nickname-foe" title="Serperior">Serperior</span>!</small></div><h2 class="battle-history">Turn 13</h2><div class="spacer battle-history"></div><div class="battle-history">The opposing <span class="battle-nickname-foe" title="Serperior">Serperior</span> used <strong>Leaf Storm</strong>!</div><div class="battle-history"><small><span class="battle-nickname" title="Landorus-Therian">Landorus</span> lost <abbr title="−130/319">40.8%</abbr> of its health!</small><br></div><div class="battle-history"><small>The opposing <span class="battle-nickname-foe" title="Serperior">Serperior</span>'s Special Attack rose sharply! </small></div><div class="spacer battle-history"></div><div class="battle-history"><span class="battle-nickname" title="Landorus-Therian">Landorus</span> fainted!</div><div class="spacer battle-history"></div><div class="battle-history"><small>The opposing <span class="battle-nickname-foe" title="Serperior">Serperior</span> restored a little HP using its Leftovers!</small></div><div class="spacer battle-history"></div><div class="battle-history">Go! Chansey!</div><h2 class="battle-history">Turn 14</h2><div class="spacer battle-history"></div><div class="battle-history">The opposing <span class="battle-nickname-foe" title="Serperior">Serperior</span> used <strong>Leech Seed</strong>!</div><div class="battle-history"><small><span class="battle-nickname" title="Chansey">Chansey</span> was seeded!</small></div><div class="spacer battle-history"></div><div class="battle-history"><span class="battle-nickname" title="Chansey">Chansey</span> used <strong>Toxic</strong>!</div><div class="battle-history"><small>The opposing <span class="battle-nickname-foe" title="Serperior">Serperior</span> was badly poisoned!</small></div><div class="spacer battle-history"></div><div class="battle-history"><small>The opposing <span class="battle-nickname-foe" title="Serperior">Serperior</span> restored a little HP using its Leftovers!</small></div><div class="battle-history"><small><span class="battle-nickname" title="Chansey">Chansey</span>'s health is sapped by Leech Seed!</small></div><div class="battle-history"><small>The opposing <span class="battle-nickname-foe" title="Serperior">Serperior</span> was hurt by poison!</small></div><h2 class="battle-history">Turn 15</h2><div class="spacer battle-history"></div><div class="battle-history">The opposing <span class="battle-nickname-foe" title="Serperior">Serperior</span> used <strong>Leaf Storm</strong>!</div><div class="battle-history"><small><span class="battle-nickname" title="Chansey">Chansey</span> avoided the attack!</small></div><div class="spacer battle-history"></div><div class="battle-history"><span class="battle-nickname" title="Chansey">Chansey</span> used <strong>Seismic Toss</strong>!</div><div class="battle-history"><small>The opposing <span class="battle-nickname-foe" title="Serperior">Serperior</span> lost 34% of its health!</small><br></div><div class="spacer battle-history"></div><div class="battle-history"><small>The opposing <span class="battle-nickname-foe" title="Serperior">Serperior</span> restored a little HP using its Leftovers!</small></div><div class="battle-history"><small><span class="battle-nickname" title="Chansey">Chansey</span>'s health is sapped by Leech Seed!</small></div><div class="battle-history"><small>The opposing <span class="battle-nickname-foe" title="Serperior">Serperior</span> was hurt by poison!</small></div><h2 class="battle-history">Turn 16</h2><div class="spacer battle-history"></div><div class="battle-history">The opposing <span class="battle-nickname-foe" title="Serperior">Serperior</span> used <strong>Leaf Storm</strong>!</div><div class="battle-history"><small>A critical hit! </small><small><span class="battle-nickname" title="Chansey">Chansey</span> lost <abbr title="−285/703">40.5%</abbr> of its health!</small><br></div><div class="battle-history"><small>The opposing <span class="battle-nickname-foe" title="Serperior">Serperior</span>'s Special Attack rose sharply! </small></div><div class="spacer battle-history"></div><div class="battle-history"><span class="battle-nickname" title="Chansey">Chansey</span> used <strong>Soft-Boiled</strong>!</div><div class="battle-history"><small><span class="battle-nickname" title="Chansey">Chansey</span> restored its HP.</small></div><div class="spacer battle-history"></div><div class="battle-history"><small>The opposing <span class="battle-nickname-foe" title="Serperior">Serperior</span> restored a little HP using its Leftovers!</small></div><div class="battle-history"><small><span class="battle-nickname" title="Chansey">Chansey</span>'s health is sapped by Leech Seed!</small></div><div class="battle-history"><small>The opposing <span class="battle-nickname-foe" title="Serperior">Serperior</span> was hurt by poison!</small></div><h2 class="battle-history">Turn 17</h2><div class="spacer battle-history"></div><div class="battle-history"><span class="battle-nickname" title="Chansey">Chansey</span>, come back!</div><div class="spacer battle-history"></div><div class="battle-history">Go! Zapdos!</div><div class="battle-history"><small>[<span class="battle-nickname" title="Zapdos">Zapdos</span>'s Pressure!]</small></div><div class="battle-history"><small><span class="battle-nickname" title="Zapdos">Zapdos</span> is exerting its pressure!</small></div><div class="spacer battle-history"></div><div class="battle-history">The opposing <span class="battle-nickname-foe" title="Serperior">Serperior</span> used <strong>Leaf Storm</strong>!</div><div class="battle-history"><small>It's not very effective... </small><small><span class="battle-nickname" title="Zapdos">Zapdos</span> lost <abbr title="−243/383">63.4%</abbr> of its health!</small><br></div><div class="battle-history"><small>The opposing <span class="battle-nickname-foe" title="Serperior">Serperior</span>'s Special Attack rose sharply! </small></div><div class="spacer battle-history"></div><div class="battle-history"><small>The opposing <span class="battle-nickname-foe" title="Serperior">Serperior</span> restored a little HP using its Leftovers!</small></div><div class="battle-history"><small><span class="battle-nickname" title="Zapdos">Zapdos</span> restored a little HP using its Leftovers!</small></div><div class="battle-history"><small>The opposing <span class="battle-nickname-foe" title="Serperior">Serperior</span> was hurt by poison!</small></div><h2 class="battle-history">Turn 18</h2><div class="spacer battle-history"></div><div class="battle-history">The opposing <span class="battle-nickname-foe" title="Serperior">Serperior</span> used <strong>Giga Drain</strong>!</div><div class="battle-history"><small>It's not very effective... </small><small><span class="battle-nickname" title="Zapdos">Zapdos</span> lost <abbr title="−163/383">42.6%</abbr> of its health!</small><br></div><div class="battle-history"><small><span class="battle-nickname" title="Zapdos">Zapdos</span> had its energy drained!</small></div><div class="spacer battle-history"></div><div class="battle-history"><span class="battle-nickname" title="Zapdos">Zapdos</span> fainted!</div><div class="spacer battle-history"></div><div class="battle-history"><small>The opposing <span class="battle-nickname-foe" title="Serperior">Serperior</span> restored a little HP using its Leftovers!</small></div><div class="battle-history"><small>The opposing <span class="battle-nickname-foe" title="Serperior">Serperior</span> was hurt by poison!</small></div><div class="spacer battle-history"></div><div class="battle-history">Go! Tangrowth!</div><h2 class="battle-history">Turn 19</h2><div class="spacer battle-history"></div><div class="battle-history">The opposing <span class="battle-nickname-foe" title="Serperior">Serperior</span> used <strong>Dragon Pulse</strong>!</div><div class="battle-history"><small><span class="battle-nickname" title="Tangrowth">Tangrowth</span> lost <abbr title="−233/404">57.7%</abbr> of its health!</small><br></div><div class="spacer battle-history"></div><div class="battle-history"><span class="battle-nickname" title="Tangrowth">Tangrowth</span> used <strong>Hidden Power</strong>!</div><div class="battle-history"><small>It's super effective! </small><small>The opposing <span class="battle-nickname-foe" title="Serperior">Serperior</span> lost 37% of its health!</small><br></div><div class="spacer battle-history"></div><div class="battle-history"><small>The opposing <span class="battle-nickname-foe" title="Serperior">Serperior</span> restored a little HP using its Leftovers!</small></div><div class="battle-history"><small>The opposing <span class="battle-nickname-foe" title="Serperior">Serperior</span> was hurt by poison!</small></div><div class="spacer battle-history"></div><div class="battle-history">The opposing <span class="battle-nickname-foe" title="Serperior">Serperior</span> fainted!</div><div class="spacer battle-history"></div><div class="battle-history">Darth20 sent out Delphox!</div><div class="battle-history"><small>Pointed stones dug into the opposing <span class="battle-nickname-foe" title="Delphox">Delphox</span>!</small></div><h2 class="battle-history">Turn 20</h2><div class="spacer battle-history"></div><div class="battle-history"><span class="battle-nickname" title="Tangrowth">Tangrowth</span>, come back!</div><div class="spacer battle-history"></div><div class="battle-history">Go! Chansey!</div><div class="spacer battle-history"></div><div class="battle-history">The opposing <span class="battle-nickname-foe" title="Delphox">Delphox</span> used <strong>Psychic</strong>!</div><div class="battle-history"><small><span class="battle-nickname" title="Chansey">Chansey</span> lost <abbr title="−118/703">16.8%</abbr> of its health!</small><br></div><div class="battle-history"><small>The opposing <span class="battle-nickname-foe" title="Delphox">Delphox</span> lost some of its HP!</small></div><h2 class="battle-history">Turn 21</h2><div class="spacer battle-history"></div><div class="battle-history">Darth20 withdrew Delphox!</div><div class="spacer battle-history"></div><div class="battle-history">Darth20 sent out Mantine!</div><div class="battle-history"><small>Pointed stones dug into the opposing <span class="battle-nickname-foe" title="Mantine">Mantine</span>!</small></div><div class="spacer battle-history"></div><div class="battle-history"><span class="battle-nickname" title="Chansey">Chansey</span> used <strong>Soft-Boiled</strong>!</div><div class="battle-history"><small><span class="battle-nickname" title="Chansey">Chansey</span> restored its HP.</small></div><div class="spacer battle-history"></div><div class="battle-history"><small>The opposing <span class="battle-nickname-foe" title="Mantine">Mantine</span> restored a little HP using its Leftovers!</small></div><h2 class="battle-history">Turn 22</h2><div class="spacer battle-history"></div><div class="battle-history">The opposing <span class="battle-nickname-foe" title="Mantine">Mantine</span> used <strong>Toxic</strong>!</div><div class="battle-history"><small><span class="battle-nickname" title="Chansey">Chansey</span> was badly poisoned!</small></div><div class="spacer battle-history"></div><div class="battle-history"><span class="battle-nickname" title="Chansey">Chansey</span> used <strong>Toxic</strong>!</div><div class="battle-history"><small>The opposing <span class="battle-nickname-foe" title="Mantine">Mantine</span> was badly poisoned!</small></div><div class="spacer battle-history"></div><div class="battle-history"><small>The opposing <span class="battle-nickname-foe" title="Mantine">Mantine</span> restored a little HP using its Leftovers!</small></div><div class="battle-history"><small>The opposing <span class="battle-nickname-foe" title="Mantine">Mantine</span> was hurt by poison!</small></div><div class="battle-history"><small><span class="battle-nickname" title="Chansey">Chansey</span> was hurt by poison!</small></div><h2 class="battle-history">Turn 23</h2><div class="spacer battle-history"></div><div class="battle-history"><small>(<span class="battle-nickname" title="Chansey">Chansey</span>'s Natural Cure activated!)</small></div><div class="spacer battle-history"></div><div class="battle-history"><span class="battle-nickname" title="Chansey">Chansey</span>, come back!</div><div class="spacer battle-history"></div><div class="battle-history">Go! Tangrowth!</div><div class="spacer battle-history"></div><div class="battle-history">The opposing <span class="battle-nickname-foe" title="Mantine">Mantine</span> used <strong>Whirlpool</strong>!</div><div class="battle-history"><small>It's not very effective... </small><small><span class="battle-nickname" title="Tangrowth">Tangrowth</span> lost <abbr title="−15/404">3.7%</abbr> of its health!</small><br></div><div class="battle-history"><small><span class="battle-nickname" title="Tangrowth">Tangrowth</span> became trapped in the vortex!</small></div><div class="spacer battle-history"></div><div class="battle-history"><small>The opposing <span class="battle-nickname-foe" title="Mantine">Mantine</span> restored a little HP using its Leftovers!</small></div><div class="battle-history"><small>The opposing <span class="battle-nickname-foe" title="Mantine">Mantine</span> was hurt by poison!</small></div><div class="battle-history"><small><span class="battle-nickname" title="Tangrowth">Tangrowth</span> is hurt by Whirlpool!</small></div><h2 class="battle-history">Turn 24</h2><div class="spacer battle-history"></div><div class="battle-history">The opposing <span class="battle-nickname-foe" title="Mantine">Mantine</span> used <strong>Blizzard</strong>!</div><div class="battle-history"><small><span class="battle-nickname" title="Tangrowth">Tangrowth</span> avoided the attack!</small></div><div class="spacer battle-history"></div><div class="battle-history"><span class="battle-nickname" title="Tangrowth">Tangrowth</span> used <strong>Knock Off</strong>!</div><div class="battle-history"><small>The opposing <span class="battle-nickname-foe" title="Mantine">Mantine</span> lost 25% of its health!</small><br></div><div class="battle-history"><small><span class="battle-nickname" title="Tangrowth">Tangrowth</span> knocked off the opposing <span class="battle-nickname-foe" title="Mantine">Mantine</span>'s Leftovers!</small></div><div class="spacer battle-history"></div><div class="battle-history"><small>The opposing <span class="battle-nickname-foe" title="Mantine">Mantine</span> was hurt by poison!</small></div><div class="battle-history"><small><span class="battle-nickname" title="Tangrowth">Tangrowth</span> is hurt by Whirlpool!</small></div><h2 class="battle-history">Turn 25</h2><div class="spacer battle-history"></div><div class="battle-history">The opposing <span class="battle-nickname-foe" title="Mantine">Mantine</span> used <strong>Whirlpool</strong>!</div><div class="battle-history"><small><span class="battle-nickname" title="Tangrowth">Tangrowth</span> avoided the attack!</small></div><div class="spacer battle-history"></div><div class="battle-history"><span class="battle-nickname" title="Tangrowth">Tangrowth</span> used <strong>Giga Drain</strong>!</div><div class="battle-history"><small>The opposing <span class="battle-nickname-foe" title="Mantine">Mantine</span> lost 14% of its health!</small><br></div><div class="battle-history"><small>The opposing <span class="battle-nickname-foe" title="Mantine">Mantine</span> had its energy drained!</small></div><div class="spacer battle-history"></div><div class="battle-history"><small>The opposing <span class="battle-nickname-foe" title="Mantine">Mantine</span> was hurt by poison!</small></div><div class="spacer battle-history"></div><div class="battle-history">The opposing <span class="battle-nickname-foe" title="Mantine">Mantine</span> fainted!</div><div class="spacer battle-history"></div><div class="battle-history">Darth20 sent out Magnezone!</div><div class="battle-history"><small>Pointed stones dug into the opposing <span class="battle-nickname-foe" title="Magnezone">Magnezone</span>!</small></div><h2 class="battle-history">Turn 26</h2><div class="spacer battle-history"></div><div class="battle-history">The opposing <span class="battle-nickname-foe" title="Magnezone">Magnezone</span> used <strong>Flash Cannon</strong>!</div><div class="battle-history"><small><span class="battle-nickname" title="Tangrowth">Tangrowth</span> lost <abbr title="−100/404">24.8%</abbr> of its health!</small><br></div><div class="spacer battle-history"></div><div class="battle-history"><span class="battle-nickname" title="Tangrowth">Tangrowth</span> fainted!</div><div class="spacer battle-history"></div><div class="battle-history"><small>The opposing <span class="battle-nickname-foe" title="Magnezone">Magnezone</span> restored a little HP using its Leftovers!</small></div><div class="spacer battle-history"></div><div class="battle-history">Go! Tapu Lele!</div><div class="battle-history"><small>[<span class="battle-nickname" title="Tapu Lele">Tapu Lele</span>'s Psychic Surge!]</small></div><div class="battle-history"><small>The battlefield got weird!</small></div><h2 class="battle-history">Turn 27</h2><div class="spacer battle-history"></div><div class="battle-history"><span class="battle-nickname" title="Tapu Lele">Tapu Lele</span> used <strong>Calm Mind</strong>!</div><div class="battle-history"><small><span class="battle-nickname" title="Tapu Lele">Tapu Lele</span>'s Special Attack rose! <span class="battle-nickname" title="Tapu Lele">Tapu Lele</span>'s Special Defense rose! </small></div><div class="spacer battle-history"></div><div class="battle-history">The opposing <span class="battle-nickname-foe" title="Magnezone">Magnezone</span> used <strong>Flash Cannon</strong>!</div><div class="battle-history"><small>It's super effective! </small><small><span class="battle-nickname" title="Tapu Lele">Tapu Lele</span> lost <abbr title="−176/281">62.6%</abbr> of its health!</small><br></div><div class="battle-history"><small><span class="battle-nickname" title="Tapu Lele">Tapu Lele</span>'s Special Defense fell! </small></div><h2 class="battle-history">Turn 28</h2><div class="spacer battle-history"></div><div class="battle-history"><small><span class="battle-nickname" title="Tapu Lele">Tapu Lele</span> surrounded itself with its Z-Power! </small></div><div class="spacer battle-history"></div><div class="battle-history"><small><span class="battle-nickname" title="Tapu Lele">Tapu Lele</span> unleashes its full-force Z-Move!</small></div><div class="battle-history"><span class="battle-nickname" title="Tapu Lele">Tapu Lele</span> used <strong>Shattered Psyche</strong>!</div><div class="battle-history"><small>It's not very effective... </small><small>The opposing <span class="battle-nickname-foe" title="Magnezone">Magnezone</span> lost 100% of its health!</small><br></div><div class="spacer battle-history"></div><div class="battle-history">The opposing <span class="battle-nickname-foe" title="Magnezone">Magnezone</span> fainted!</div><div class="spacer battle-history"></div><div class="battle-history">Darth20 sent out Delphox!</div><div class="battle-history"><small>Pointed stones dug into the opposing <span class="battle-nickname-foe" title="Delphox">Delphox</span>!</small></div><h2 class="battle-history">Turn 29</h2><div class="spacer battle-history"></div><div class="battle-history">The opposing <span class="battle-nickname-foe" title="Delphox">Delphox</span> used <strong>Psychic</strong>!</div><div class="battle-history"><small>It's not very effective... </small><small><span class="battle-nickname" title="Tapu Lele">Tapu Lele</span> lost <abbr title="−105/281">37.4%</abbr> of its health!</small><br></div><div class="battle-history"><small>The opposing <span class="battle-nickname-foe" title="Delphox">Delphox</span> lost some of its HP!</small></div><div class="spacer battle-history"></div><div class="battle-history"><span class="battle-nickname" title="Tapu Lele">Tapu Lele</span> fainted!</div><div class="spacer battle-history"></div><div class="battle-history">Go! Chansey!</div><h2 class="battle-history">Turn 30</h2><div class="spacer battle-history"></div><div class="battle-history">The opposing <span class="battle-nickname-foe" title="Delphox">Delphox</span> used <strong>Psychic</strong>!</div><div class="battle-history"><small><span class="battle-nickname" title="Chansey">Chansey</span> lost <abbr title="−188/703">26.7%</abbr> of its health!</small><br></div><div class="battle-history"><small>The opposing <span class="battle-nickname-foe" title="Delphox">Delphox</span> lost some of its HP!</small></div><div class="spacer battle-history"></div><div class="battle-history"><span class="battle-nickname" title="Chansey">Chansey</span> used <strong>Seismic Toss</strong>!</div><div class="battle-history"><small>The opposing <span class="battle-nickname-foe" title="Delphox">Delphox</span> lost 21% of its health!</small><br></div><div class="spacer battle-history"></div><div class="battle-history">The opposing <span class="battle-nickname-foe" title="Delphox">Delphox</span> fainted!</div><div class="spacer battle-history"></div><div class="battle-history">gator from south won the battle!</div><div class="chat"><small>Darth20 left.</small></div></div></div>
</div>
<script>
var daily = Math.floor(Date.now()/1000/60/60/24);document.write('<script src="https://play.pokemonshowdown.com/js/replay-embed.js?version'+daily+'"></'+'script>');
</script>
